@misc{seqCal,
  title        = {Logic and Proof},
  author       = {Lawrence C Paulson},
  year         = 2020,
  howpublished = {\url{https://www.cl.cam.ac.uk/teaching/2021/LogicProof/logic-notes.pdf}}
}

@misc{syllabus,
  title  = {Lecture notes for the Proof Theory course ILLC, spring 2023},
  author = {Lev D. Beklemishev},
  year   = 2023
}
